<record><leader>00000cas a2200000 a 4500</leader><controlfield tag="001">9865055</controlfield><controlfield tag="008">830831d19751994nyuwr ne      0   a0eng c</controlfield><datafield ind1=" " ind2=" " tag="010"><subfield code="a">sn 83008745 </subfield></datafield><datafield ind1=" " ind2=" " tag="040"><subfield code="a">NSD</subfield><subfield code="b">eng</subfield><subfield code="c">NSD</subfield><subfield code="d">NYS</subfield><subfield code="d">OCLCQ</subfield><subfield code="d">OCLCF</subfield><subfield code="d">OCLCO</subfield></datafield><datafield ind1=" " ind2=" " tag="012"><subfield code="m">1</subfield></datafield><datafield ind1="1" ind2=" " tag="022"><subfield code="a">0746-2093</subfield><subfield code="l">0746-2093</subfield><subfield code="2">1</subfield></datafield><datafield ind1="1" ind2=" " tag="029"><subfield code="a">AU@</subfield><subfield code="b">000020416177</subfield></datafield><datafield ind1=" " ind2=" " tag="032"><subfield code="a">165080</subfield><subfield code="b">USPS</subfield></datafield><datafield ind1=" " ind2=" " tag="042"><subfield code="a">nsdp</subfield><subfield code="a">pcc</subfield></datafield><datafield ind1=" " ind2=" " tag="043"><subfield code="a">n-us-ny</subfield></datafield><datafield ind1=" " ind2="0" tag="222"><subfield code="a">East Rockaway Lynbrook observer</subfield></datafield><datafield ind1="0" ind2="0" tag="245"><subfield code="a">East Rockaway Lynbrook observer.</subfield></datafield><datafield ind1=" " ind2=" " tag="260"><subfield code="a">East Rockaway, N.Y. :</subfield><subfield code="b">Charles L. and Jean P. Warner,</subfield><subfield code="c">1994-</subfield></datafield><datafield ind1=" " ind2=" " tag="310"><subfield code="a">Weekly</subfield></datafield><datafield ind1="1" ind2=" " tag="362"><subfield code="a">Began in 1975?</subfield></datafield><datafield ind1="0" ind2=" " tag="362"><subfield code="a">-v. 42, no. 15 (Apr. 14, 1994).</subfield></datafield><datafield ind1=" " ind2=" " tag="500"><subfield code="a">Published in: Oceanside, N.Y. by OB Publications, Inc., &lt;Aug. 17, 1983&gt;; and in: Mineola by ERLO Corp., Inc., &lt;July 9, 1992&gt;- ; MB Pub., &lt;Nov. 1992-Dec. 1993&gt;; and Nassau Community Newspaper Group, &lt;Jan. 1994&gt;.</subfield></datafield><datafield ind1=" " ind2=" " tag="500"><subfield code="a">Covering East Rockaway, Lynbrook, Bay Park and Hewlett Point.</subfield></datafield><datafield ind1=" " ind2="0" tag="651"><subfield code="a">East Rockaway (N.Y.)</subfield><subfield code="v">Newspapers.</subfield></datafield><datafield ind1=" " ind2="0" tag="651"><subfield code="a">Oceanside (N.Y.)</subfield><subfield code="v">Newspapers.</subfield></datafield><datafield ind1=" " ind2="0" tag="651"><subfield code="a">Mineola (N.Y.)</subfield><subfield code="v">Newspapers.</subfield></datafield><datafield ind1=" " ind2="0" tag="651"><subfield code="a">Lynbrook (N.Y.)</subfield><subfield code="v">Newspapers.</subfield></datafield><datafield ind1=" " ind2="0" tag="651"><subfield code="a">Nassau County (N.Y.)</subfield><subfield code="v">Newspapers.</subfield></datafield><datafield ind1=" " ind2="7" tag="655"><subfield code="a">Newspapers.</subfield><subfield code="2">fast</subfield><subfield code="0">(OCoLC)fst01423814</subfield></datafield><datafield ind1=" " ind2="7" tag="651"><subfield code="a">New York (State)</subfield><subfield code="z">East Rockaway.</subfield><subfield code="2">fast</subfield><subfield code="0">(OCoLC)fst01203779</subfield></datafield><datafield ind1=" " ind2="7" tag="651"><subfield code="a">New York (State)</subfield><subfield code="z">Lynbrook.</subfield><subfield code="2">fast</subfield><subfield code="0">(OCoLC)fst01226083</subfield></datafield><datafield ind1=" " ind2="7" tag="651"><subfield code="a">New York (State)</subfield><subfield code="z">Mineola.</subfield><subfield code="2">fast</subfield><subfield code="0">(OCoLC)fst01223780</subfield></datafield><datafield ind1=" " ind2="7" tag="651"><subfield code="a">New York (State)</subfield><subfield code="z">Nassau County.</subfield><subfield code="2">fast</subfield><subfield code="0">(OCoLC)fst01205518</subfield></datafield><datafield ind1=" " ind2="7" tag="651"><subfield code="a">New York (State)</subfield><subfield code="z">Oceanside.</subfield><subfield code="2">fast</subfield><subfield code="0">(OCoLC)fst01260065</subfield></datafield><datafield ind1=" " ind2=" " tag="752"><subfield code="a">United States</subfield><subfield code="b">New York</subfield><subfield code="c">Nassau</subfield><subfield code="d">Mineola.</subfield></datafield><datafield ind1=" " ind2=" " tag="752"><subfield code="a">United States</subfield><subfield code="b">New York</subfield><subfield code="c">Nassau</subfield><subfield code="d">East Rockaway.</subfield></datafield><datafield ind1=" " ind2=" " tag="752"><subfield code="a">United States</subfield><subfield code="b">New York</subfield><subfield code="c">Nassau</subfield><subfield code="d">Oceanside.</subfield></datafield><datafield ind1="0" ind2="0" tag="780"><subfield code="t">East Rockaway observer (East Rockaway, N.Y.)</subfield><subfield code="w">(DLC)sn 98067628</subfield><subfield code="w">(OCoLC)38988539</subfield></datafield><datafield ind1="0" ind2="0" tag="785"><subfield code="t">East Rockaway observer (Mineola, N.Y.)</subfield><subfield code="w">(DLC)sn 98067549</subfield><subfield code="w">(OCoLC)38472125</subfield></datafield></record>